@article{CKLAM,
author = {Esha D. Nerurkar, Kejian J. Wu and Stergios I. Roumeliotis},
journal = {Proceedings of the IEEE International Conference on Robotics and Automation (ICRA)},
title = {{ Constrained Keyframe-Based Localization and Mapping}},
year = {2014}
}
@article{Burri25012016,
author = {Burri, Michael and Nikolic, Janosch and Gohl, Pascal and Schneider, Thomas and Rehder, Joern and Omari, Sammy and Achtelik, Markus W and Siegwart, Roland}, 
title = {The EuRoC micro aerial vehicle datasets},
year = {2016}, 
doi = {10.1177/0278364915620033}, 
URL = {http://ijr.sagepub.com/content/early/2016/01/21/0278364915620033.abstract}, 
eprint = {http://ijr.sagepub.com/content/early/2016/01/21/0278364915620033.full.pdf+html}, 
journal = {The International Journal of Robotics Research} 
}
@inproceedings{g2o, 
author={R. Kümmerle and G. Grisetti and H. Strasdat and K. Konolige and W. Burgard}, 
booktitle={Robotics and Automation (ICRA), 2011 IEEE International Conference on}, 
title={G2o: A general framework for graph optimization}, 
year={2011}, 
pages={3607-3613}, 
keywords={C++ language;SLAM (robots);graph theory;least squares approximations;optimisation;robot vision;BA;SLAM;bundle adjustment;computer vision;error function;g2o;general framework;graph optimization;least squares optimization;open source C++ framework;robot vision;simultaneous localization and mapping;Barium;Jacobian matrices;Linear systems;Optimization;Simultaneous localization and mapping;Sparse matrices}, 
doi={10.1109/ICRA.2011.5979949}, 
ISSN={1050-4729}, 
month={May}
}
@inproceedings{spaBYkonolige, 
author={K. Konolige and G. Grisetti and R. Kümmerle and W. Burgard and B. Limketkai and R. Vincent}, 
booktitle={Intelligent Robots and Systems (IROS), 2010 IEEE/RSJ International Conference on}, 
title={Efficient Sparse Pose Adjustment for 2D mapping}, 
year={2010}, 
pages={22-29}, 
keywords={SLAM (robots);graph theory;mobile robots;optimisation;path planning;pose estimation;2d mapping;C++;linear subproblem;mobile robots;nonlinear constraints;nonlinear optimization;open source implementations;pose graph;simultaneous localization and mapping;sparse pose adjustment}, 
doi={10.1109/IROS.2010.5649043}, 
ISSN={2153-0858}, 
month={Oct}}
@phdthesis{Kaess08thesis,
   author = {M. Kaess},
   title = {Incremental Smoothing and Mapping},
   school = {Georgia Institute of Technology},
   type = {{Ph.D.}},
   month = {Dec},
   year = {2008}
}
@article{EkFSLAM,
author = {R. Smith, Cheeseman P},
journal = {International Journal of Robotics Research},
pages = { 5(4):56-68},
title = {{ On the representation and estimation of spatial uncertainty}},
year = {Dec. 1986.}
}
@article{FULL-BA-BASED,
author = {F. Dellaert, M. Kaess},
issn = {1181–1203},
journal = {International Journal of Humanoid Robotics},
pages = { 25(12)},
title = {{ Square root SAM: Simultaneous Localization and Mapping via square root information smoothing}},
year = {2004}
}
@article{Kaess01022012,
author = {Kaess, Michael and Johannsson, Hordur and Roberts, Richard and Ila, Viorela and Leonard, John J and Dellaert, Frank}, 
title = {iSAM2: Incremental smoothing and mapping using the Bayes tree},
volume = {31}, 
number = {2}, 
pages = {216-235}, 
year = {2012}, 
doi = {10.1177/0278364911430419},  
URL = {http://ijr.sagepub.com/content/31/2/216.abstract}, 
eprint = {http://ijr.sagepub.com/content/31/2/216.full.pdf+html}, 
journal = {The International Journal of Robotics Research} 
}
@ARTICLE{4801600, 
author={A. I. Mourikis and N. Trawny and S. I. Roumeliotis and A. E. Johnson and A. Ansar and L. Matthies}, 
journal={IEEE Transactions on Robotics}, 
title={Vision-Aided Inertial Navigation for Spacecraft Entry, Descent, and Landing}, 
year={2009}, 
volume={25}, 
number={2}, 
pages={264-280}, 
keywords={Kalman filters;aerospace robotics;aircraft navigation;image sequences;inertial navigation;path planning;robot vision;descent images sequence;estimation errors;extended Kalman filter;inertial measurement unit;planetary exploration missions;precision planetary landing;spacecraft descent;spacecraft entry;spacecraft landing;vision-aided inertial navigation;Descent and landing (EDL);entry;localization;sensor fusion;space robotics;vision-aided inertial navigation}, 
doi={10.1109/TRO.2009.2012342}, 
ISSN={1552-3098}, 
month={April}}
@article{Sibley:2010,
 author = {Sibley, Gabe and Matthies, Larry and Sukhatme, Gaurav},
 title = {Sliding Window Filter with Application to Planetary Landing},
 journal = {J. Field Robot.},
 issue_date = {September 2010},
 volume = {27},
 number = {5},
 month = sep,
 year = {2010},
 issn = {1556-4959},
 pages = {587--608},
 numpages = {22},
 url = {http://dx.doi.org/10.1002/rob.v27:5},
 doi = {10.1002/rob.v27:5},
 acmid = {1855472},
 publisher = {John Wiley and Sons Ltd.},
 address = {Chichester, UK}
}
@InProceedings{klein07parallel,
  author =	 {Georg Klein and David Murray},
  title =	 {Parallel Tracking and Mapping for Small {AR} Workspaces},
  booktitle =	 {Proc. Sixth {IEEE} and {ACM} International Symposium
                  on Mixed and Augmented Reality {(ISMAR'07)}},
  year =	 2007,
  month =	 {November},
  address =	 {Nara, Japan}
}
@ARTICLE{4648456, 
author={K. Konolige and M. Agrawal}, 
journal={IEEE Transactions on Robotics}, 
title={FrameSLAM: From Bundle Adjustment to Real-Time Visual Mapping}, 
year={2008}, 
volume={24}, 
number={5}, 
pages={1066-1077}, 
keywords={SLAM (robots);computer vision;data visualisation;image registration;FrameSLAM;bundle adjustment;data association;frame-to-frame matching;indoor mapping techniques;local registration;real-time visual mapping;visual imagery;Visual mapping;visual SLAM;visual odometry}, 
doi={10.1109/TRO.2008.2004832}, 
ISSN={1552-3098}, 
month={Oct},}
@article{Konolige01072010,
author = {Konolige, Kurt and Bowman, James and Chen, J.D. and Mihelich, Patrick and Calonder, Michael and Lepetit, Vincent and Fua, Pascal}, 
title = {View-based Maps},
volume = {29}, 
number = {8}, 
pages = {941-957}, 
year = {2010}, 
doi = {10.1177/0278364910370376}, 
URL = {http://ijr.sagepub.com/content/29/8/941.abstract}, 
eprint = {http://ijr.sagepub.com/content/29/8/941.full.pdf+html}, 
journal = {The International Journal of Robotics Research} 
}
@INPROCEEDINGS{6630556, 
author={H. Johannsson and M. Kaess and M. Fallon and J. J. Leonard}, 
booktitle={Robotics and Automation (ICRA), 2013 IEEE International Conference on}, 
title={Temporally scalable visual SLAM using a reduced pose graph}, 
year={2013}, 
pages={54-61}, 
keywords={SLAM (robots);graph theory;pose estimation;accelerometer data;indoor mapping;online binocular visual SLAM system;pose graph representation;reduced pose graph;temporally scalable visual SLAM;Cameras;Optimization;Robustness;Simultaneous localization and mapping;Visualization}, 
doi={10.1109/ICRA.2013.6630556}, 
ISSN={1050-4729}, 
month={May}
}
@INPROCEEDINGS{6906892, 
author={J. Nikolic and J. Rehder and M. Burri and P. Gohl and S. Leutenegger and P. T. Furgale and R. Siegwart}, 
booktitle={2014 IEEE International Conference on Robotics and Automation (ICRA)}, 
title={A synchronized visual-inertial sensor system with FPGA pre-processing for accurate real-time SLAM}, 
year={2014}, 
pages={431-437}, 
keywords={SLAM (robots);acceleration measurement;angular velocity measurement;field programmable gate arrays;inertial navigation;microsensors;mobile robots;pose estimation;real-time systems;robot vision;sensor fusion;signal processing equipment;ARM-FPGA system;FPGA preprocessing;accelerometer measurement;accurate real time SLAM;flying microaerial vehicles;high quality rate gyroscope;inertial measurement unit;mapping capability;mobile robot;pose estimation;real-time robot Localization;reference visual-inertial motion estimation;synchronized visual inertial sensor system;visual-inertial sensor unit;Calibration;Cameras;Field programmable gate arrays;Simultaneous localization and mapping;Synchronization;Visualization;Calibration;Camera;FPGA;IMU;SLAM;Sensor Fusion;Visual-Inertial Motion Estimation}, 
doi={10.1109/ICRA.2014.6906892}, 
ISSN={1050-4729}, 
month={May}
}